<record><leader>00000cas a22000001  4500</leader><controlfield tag="001">33226633</controlfield><controlfield tag="007">hd afb---baca</controlfield><controlfield tag="007">hd bfb---baaa</controlfield><controlfield tag="008">950930d18401872nyuzx n a     0   a1eng  </controlfield><datafield ind1=" " ind2=" " tag="010"><subfield code="a">sn 94095749 </subfield></datafield><datafield ind1=" " ind2=" " tag="040"><subfield code="a">DLC</subfield><subfield code="b">eng</subfield><subfield code="c">RQM</subfield><subfield code="d">DLC</subfield><subfield code="d">OCLCQ</subfield><subfield code="d">OCLCG</subfield><subfield code="d">CRU</subfield><subfield code="d">OCLCA</subfield><subfield code="d">DLC</subfield><subfield code="d">OCLCQ</subfield><subfield code="d">OCLCF</subfield><subfield code="d">OCLCO</subfield><subfield code="d">OCLCQ</subfield><subfield code="d">OCLCO</subfield></datafield><datafield ind1=" " ind2=" " tag="012"><subfield code="i">9509</subfield></datafield><datafield ind1=" " ind2=" " tag="042"><subfield code="a">pcc</subfield></datafield><datafield ind1=" " ind2=" " tag="043"><subfield code="a">n-us---</subfield></datafield><datafield ind1="0" ind2="0" tag="050"><subfield code="a">Microfilm 30629</subfield></datafield><datafield ind1="1" ind2="4" tag="050"><subfield code="a">E449</subfield><subfield code="b">.N28</subfield></datafield><datafield ind1="0" ind2="0" tag="245"><subfield code="a">National anti-slavery standard.</subfield></datafield><datafield ind1="0" ind2="0" tag="247"><subfield code="a">Standard.</subfield><subfield code="b">A journal of reform and literature</subfield><subfield code="f">May-July 1870</subfield></datafield><datafield ind1="0" ind2="0" tag="247"><subfield code="a">National standard.</subfield><subfield code="b">An independent, reform, and literary journal</subfield><subfield code="g">(subtitle varies slightly)</subfield><subfield code="f">July 30, 1870-Dec. 1872</subfield></datafield><datafield ind1=" " ind2=" " tag="260"><subfield code="a">New York,</subfield><subfield code="b">American Anti-Slavery Society.</subfield></datafield><datafield ind1=" " ind2=" " tag="300"><subfield code="a">34 volumes</subfield><subfield code="c">24-66 cm</subfield></datafield><datafield ind1=" " ind2=" " tag="310"><subfield code="a">Frequency varies</subfield></datafield><datafield ind1=" " ind2=" " tag="336"><subfield code="a">text</subfield><subfield code="b">txt</subfield><subfield code="2">rdacontent</subfield></datafield><datafield ind1=" " ind2=" " tag="337"><subfield code="a">microform</subfield><subfield code="b">h</subfield><subfield code="2">rdamedia</subfield></datafield><datafield ind1=" " ind2=" " tag="338"><subfield code="a">microfilm reel</subfield><subfield code="b">hd</subfield><subfield code="2">rdacarrier</subfield></datafield><datafield ind1="0" ind2=" " tag="362"><subfield code="a">v. 1-30, June 11, 1840-Apr. 16, 1870; new ser., v. 1, May-July 1870; new ser., v. 1-3, July 30, 1870-Dec. 1872.</subfield></datafield><datafield ind1=" " ind2=" " tag="500"><subfield code="a">Editors: June 1840-May 13, 1841, N.P. Rogers.--May 20, 1841-May 1843, Lydia M. Child (with D.L. Child, June 1841-May 1843).--Aug. 1843-May 23, 1844, D.L. Child.--May 30, 1844-July 1854, S.H. Gay and others.--Aug. 1854-May 1863, not ascertained.--June 1863-May 1865, Oliver Johnson.--Jan.-May 1866, Parker Pillsbury.--May 1866-Dec. 1872, A.M. Powell.</subfield></datafield><datafield ind1=" " ind2=" " tag="533"><subfield code="a">Microfilm.</subfield><subfield code="m">v.1-30 (1840-1870), n.s.:v.1 (1870), n.s.:v.1-3 (1870-1872)</subfield><subfield code="b">Washington, D.C. :</subfield><subfield code="c">Library of Congress Preservation Microfilming Program :</subfield><subfield code="c">Available from Library of Congress Photoduplication Service.</subfield><subfield code="e">microfilm reels ; 35 mm.</subfield></datafield><datafield ind1=" " ind2="0" tag="650"><subfield code="a">Slavery</subfield><subfield code="z">United States</subfield><subfield code="v">Periodicals.</subfield></datafield><datafield ind1=" " ind2="7" tag="650"><subfield code="a">Slavery.</subfield><subfield code="2">fast</subfield><subfield code="0">(OCoLC)fst01120426</subfield></datafield><datafield ind1=" " ind2="7" tag="651"><subfield code="a">United States.</subfield><subfield code="2">fast</subfield><subfield code="0">(OCoLC)fst01204155</subfield></datafield><datafield ind1=" " ind2="7" tag="655"><subfield code="a">Periodicals.</subfield><subfield code="2">fast</subfield><subfield code="0">(OCoLC)fst01411641</subfield></datafield><datafield ind1="1" ind2=" " tag="700"><subfield code="a">Rogers, Nathaniel Peabody,</subfield><subfield code="d">1794-1846,</subfield><subfield code="e">editor.</subfield></datafield><datafield ind1="1" ind2=" " tag="700"><subfield code="a">Child, Lydia Maria,</subfield><subfield code="d">1802-1880,</subfield><subfield code="e">editor.</subfield></datafield><datafield ind1="1" ind2=" " tag="700"><subfield code="a">Child, David Lee,</subfield><subfield code="d">1794-1874,</subfield><subfield code="e">editor.</subfield></datafield><datafield ind1="1" ind2=" " tag="700"><subfield code="a">Gay, Sydney Howard,</subfield><subfield code="d">1814-1888,</subfield><subfield code="e">editor.</subfield></datafield><datafield ind1="1" ind2=" " tag="700"><subfield code="a">Johnson, Oliver,</subfield><subfield code="d">1809-1889,</subfield><subfield code="e">editor.</subfield></datafield><datafield ind1="1" ind2=" " tag="700"><subfield code="a">Pillsbury, Parker,</subfield><subfield code="d">1809-1898,</subfield><subfield code="e">editor.</subfield></datafield><datafield ind1="1" ind2=" " tag="700"><subfield code="a">Powell, Aaron M.</subfield><subfield code="q">(Aaron Macy),</subfield><subfield code="d">1832-1899,</subfield><subfield code="e">editor.</subfield></datafield><datafield ind1="2" ind2=" " tag="710"><subfield code="a">American Anti-Slavery Society.</subfield></datafield><datafield ind1="1" ind2=" " tag="776"><subfield code="c">Original</subfield><subfield code="w">(DLC)   30017868</subfield></datafield><datafield ind1="0" ind2="5" tag="780"><subfield code="t">Woman's advocate</subfield><subfield code="g">May 1870</subfield></datafield><datafield ind1="0" ind2="4" tag="785"><subfield code="t">National temperance advocate</subfield><subfield code="w">(DLC)sf 89090797</subfield></datafield><datafield ind1=" " ind2=" " tag="850"><subfield code="a">DLC</subfield><subfield code="a">DLC (master)</subfield></datafield></record>